@misc{harper2021equational,
      title={An Equational Logical Framework for Type Theories},
      author={Robert Harper},
      year={2021},
      eprint={2106.01484},
      archivePrefix={arXiv},
      primaryClass={math.LO}
}

@article{Sterling_2021,
      doi = {10.1145/3474834},
      url = {https://doi.org/10.1145%2F3474834},
      year = 2021,
      month = {oct},
      publisher = {Association for Computing Machinery ({ACM})},
      volume = {68},
      number = {6},
      pages = {1--47},
      author = {Jonathan Sterling and Robert Harper},
      title = {Logical Relations as Types: Proof-Relevant Parametricity for Program Modules},
      journal = {Journal of the {ACM}}
}

@article{streicher,
  author = {Streicher, Thomas and Darmstadt, Tu},
  year = {2004},
  month = {05},
  pages = {},
  title = {Universes in Toposes}
}
@Comment @book{foley,
@Comment     author    = {Richard Foley},
@Comment     title     = {Working without a net : A study of egocentric epistemology},
@Comment     year      = {1992},
@Comment }


@Comment @Article{davidson,
@Comment   author          = {Donald Davidson},
@Comment   title           = {Truth and Meaning},
@Comment   publisher       = {Springer},
@Comment   journal         = {Synthese},
@Comment   volume          = {17},
@Comment   year            = {1967},
@Comment }

@Comment @Article{lewis,
@Comment   author          = {David Lewis},
@Comment   title           = {Convention: A Philosophical Study},
@Comment   year            = {1969},
@Comment }

@Comment @@incollection{wolf,
@Comment 	author = {Susan Wolf},
@Comment 	editor = {Ferdinand David Schoeman},
@Comment 	booktitle = {Responsibility, Character, and the Emotions: New Essays in Moral Psychology},
@Comment 	pages = {46--62},
@Comment 	publisher = {Cambridge University Press},
@Comment 	year = {1987},
@Comment 	title = {Sanity and the Metaphysics of Responsibility}
@Comment }
